<?xml version="1.0" encoding="UTF-8"?><collection xmlns="http://www.loc.gov/MARC21/slim"><record><leader>00530nam--2200193-i-4500</leader><controlfield tag="001">000050079</controlfield><controlfield tag="002">20161230</controlfield><controlfield tag="005">20161230201048</controlfield><controlfield tag="008">060222s1000------------r-----000-0-rus-d</controlfield><datafield ind1=" " ind2=" " tag="040"><subfield code="a">IFIN-HH</subfield></datafield><datafield ind1=" " ind2=" " tag="041"><subfield code="a">rus</subfield></datafield><datafield ind1=" " ind2=" " tag="080"><subfield code="a">537.311.33</subfield></datafield><datafield ind1="1" ind2=" " tag="100"><subfield code="a">Ohotin, A.S</subfield></datafield><datafield ind1="1" ind2="0" tag="245"><subfield code="a">Teplofiziceskie svoistva poluprovodnikov</subfield><subfield code="c">A.s. ohotin, a.s. puskarskii, v.v. gorbacev</subfield></datafield><datafield ind1=" " ind2=" " tag="260"><subfield code="a">Moskva</subfield><subfield code="b">Atomizdat</subfield><subfield code="c">1972</subfield></datafield><datafield ind1=" " ind2=" " tag="300"><subfield code="a">200P</subfield></datafield><datafield ind1="1" ind2=" " tag="700"><subfield code="a">Puskarskii, A.S</subfield><subfield code="e">Gorbacev, V.V</subfield></datafield><datafield ind1=" " ind2=" " tag="852"><subfield code="a">39293</subfield><subfield code="c">537.311.33</subfield></datafield><datafield ind1=" " ind2=" " tag="CAT"><subfield code="a">Sys</subfield><subfield code="c">20110721</subfield><subfield code="h">155959</subfield></datafield></record></collection>